
% Rapport de l'étude Homère
@techreport{homere_2023,
  author      = {Pigeon, Caroline and Baltenneck, Nicolas and Galiano, Anna Rita and Uzan, Gérard},
  title       = {Étude Homère - Étude nationale sur la déficience visuelle},
  year        = {2023}
}

@article{gaunet_verbal_2006,
	title = {Verbal guidance rules for a localized wayfinding aid intended for blind-pedestrians in urban areas},
	volume = {4},
	issn = {1615-5289, 1615-5297},
	url = {http://link.springer.com/10.1007/s10209-003-0086-2},
	doi = {10.1007/s10209-003-0086-2},
	language = {en},
	number = {4},
	urldate = {2020-10-21},
	journal = {Universal Access in the Information Society},
	author = {Gaunet, Florence},
	month = may,
	year = {2006},
	keywords = {Intersection, Outdoor navigation, Verbal route description},
	pages = {338--353},
	file = {Verbal guidance rules for a localized wayfinding aid intended for blind-pedestrians in urban areas:/Users/jeremy/Zotero/storage/EUUDIAPQ/gaunet2006.pdf:application/pdf},
}

@article{gaunet_exploring_2005,
	title = {Exploring the {Functional} {Specifications} of a {Localized} {Wayfinding} {Verbal} {Aid} for {Blind} {Pedestrians}: {Simple} and {Structured} {Urban} {Areas}},
	volume = {20},
	issn = {0737-0024},
	shorttitle = {Exploring the {Functional} {Specifications} of a {Localized} {Wayfinding} {Verbal} {Aid} for {Blind} {Pedestrians}},
	url = {http://www.tandfonline.com/doi/abs/10.1207/s15327051hci2003_2},
	doi = {10.1207/s15327051hci2003_2},
	language = {en},
	number = {3},
	urldate = {2020-10-20},
	journal = {Human-Computer Interaction},
	author = {Gaunet, Florence and Briffault, Xavier},
	month = sep,
	year = {2005},
	pages = {267--314},
	file = {Exploring the Functional Specifications of a Localized Wayfinding Verbal Aid for Blind Pedestrians\: Simple and Structured Urban Areas:/Users/jeremy/Zotero/storage/PNZYSAAP/gaunet2005.pdf:application/pdf},
}

@article{boeing_osmnx_2017,
	title = {{OSMnx}: {New} methods for acquiring, constructing, analyzing, and visualizing complex street networks},
	volume = {65},
	issn = {0198-9715},
	shorttitle = {{OSMnx}},
	url = {https://www.sciencedirect.com/science/article/pii/S0198971516303970},
	doi = {10.1016/j.compenvurbsys.2017.05.004},
	abstract = {Urban scholars have studied street networks in various ways, but there are data availability and consistency limitations to the current urban planning/street network analysis literature. To address these challenges, this article presents OSMnx, a new tool to make the collection of data and creation and analysis of street networks simple, consistent, automatable and sound from the perspectives of graph theory, transportation, and urban design. OSMnx contributes five significant capabilities for researchers and practitioners: first, the automated downloading of political boundaries and building footprints; second, the tailored and automated downloading and constructing of street network data from OpenStreetMap; third, the algorithmic correction of network topology; fourth, the ability to save street networks to disk as shapefiles, GraphML, or SVG files; and fifth, the ability to analyze street networks, including calculating routes, projecting and visualizing networks, and calculating metric and topological measures. These measures include those common in urban design and transportation studies, as well as advanced measures of the structure and topology of the network. Finally, this article presents a simple case study using OSMnx to construct and analyze street networks in Portland, Oregon.},
	language = {en},
	urldate = {2022-04-08},
	journal = {Computers, Environment and Urban Systems},
	author = {Boeing, Geoff},
	month = sep,
	year = {2017},
	keywords = {OpenStreetMap, Visualization, GIS, Transportation, Complex networks, Python, Resilience, Street network, Urban design, Urban form},
	pages = {126--139},
	file = {ScienceDirect Snapshot:/Users/jeremy/Zotero/storage/E98DEZXK/S0198971516303970.html:text/html;Texte intégral:/Users/jeremy/Zotero/storage/UPSI3Z9C/Boeing - 2017 - OSMnx New methods for acquiring, constructing, an.pdf:application/pdf},
}

@book{ratelle_manuel_2019,
	title = {Manuel d'intervention en orientation et mobilité},
	isbn = {978-2-7606-3905-8},
	abstract = {Ce manuel unique en français rend compte d'un domaine de pointe très spécialisé encore peu connu dans la population en général. Il aborde l'orientation et la mobilité des personnes non voyantes en présentant les techniques et les habiletés de déplacement ainsi que les nombreuses stratégies d'intervention privilégiées en milieu de réadaptation. Il met également en lumière des processus complexes comme l'audition, la kinésiologie et la psychologie cognitive et se penche sur le rôle important de l'environnement dans l'atteinte de l'autonomie. S'inspirant des pratiques américaines et des ouvrages anglophones les plus actuels, les autrices démontrent leur parfaite connaissance de ces aspects interconnectés essentiels à la pratique professionnelle et enrichissent le sujet par leur propre expertise. Leur savoir prend appui sur une riche bibliographie et sur des aspects importants de la profession : son historique, le rôle du spécialiste et la description des techniques et des étapes de l'enseignement, avec des conseils à la clé et de nombreuses observations tirées de leur expérience.},
	language = {Français},
	publisher = {PU Montréal},
	author = {Ratelle, Agathe and Couturier, Julie-Anne},
	month = jan,
	year = {2019},
}


