% Rapport de l'étude Homère
@TechReport{homere_2023,
  author = {Pigeon, Caroline and Baltenneck, Nicolas and Galiano, Anna Rita and Uzan, Gérard},
  title  = {Étude Homère - Étude nationale sur la déficience visuelle},
  year   = {2023},
  groups = {Déficience visuelle},
}

@Article{gaunet_verbal_2006,
  author   = {Gaunet, Florence},
  journal  = {Universal Access in the Information Society},
  title    = {Verbal guidance rules for a localized wayfinding aid intended for blind-pedestrians in urban areas},
  year     = {2006},
  issn     = {1615-5289, 1615-5297},
  month    = may,
  number   = {4},
  pages    = {338--353},
  volume   = {4},
  doi      = {10.1007/s10209-003-0086-2},
  groups   = {Description verbale},
  keywords = {Intersection, Outdoor navigation, Verbal route description},
  language = {en},
  url      = {http://link.springer.com/10.1007/s10209-003-0086-2},
  urldate  = {2020-10-21},
}

@Article{gaunet_exploring_2005,
  author     = {Gaunet, Florence and Briffault, Xavier},
  journal    = {Human-Computer Interaction},
  title      = {Exploring the {Functional} {Specifications} of a {Localized} {Wayfinding} {Verbal} {Aid} for {Blind} {Pedestrians}: {Simple} and {Structured} {Urban} {Areas}},
  year       = {2005},
  issn       = {0737-0024},
  month      = sep,
  number     = {3},
  pages      = {267--314},
  volume     = {20},
  doi        = {10.1207/s15327051hci2003_2},
  language   = {en},
  shorttitle = {Exploring the {Functional} {Specifications} of a {Localized} {Wayfinding} {Verbal} {Aid} for {Blind} {Pedestrians}},
  url        = {http://www.tandfonline.com/doi/abs/10.1207/s15327051hci2003_2},
  urldate    = {2020-10-20},
}

@Article{boeing_osmnx_2017,
  author     = {Boeing, Geoff},
  journal    = {Computers, Environment and Urban Systems},
  title      = {{OSMnx}: {New} methods for acquiring, constructing, analyzing, and visualizing complex street networks},
  year       = {2017},
  issn       = {0198-9715},
  month      = sep,
  pages      = {126--139},
  volume     = {65},
  abstract   = {Urban scholars have studied street networks in various ways, but there are data availability and consistency limitations to the current urban planning/street network analysis literature. To address these challenges, this article presents OSMnx, a new tool to make the collection of data and creation and analysis of street networks simple, consistent, automatable and sound from the perspectives of graph theory, transportation, and urban design. OSMnx contributes five significant capabilities for researchers and practitioners: first, the automated downloading of political boundaries and building footprints; second, the tailored and automated downloading and constructing of street network data from OpenStreetMap; third, the algorithmic correction of network topology; fourth, the ability to save street networks to disk as shapefiles, GraphML, or SVG files; and fifth, the ability to analyze street networks, including calculating routes, projecting and visualizing networks, and calculating metric and topological measures. These measures include those common in urban design and transportation studies, as well as advanced measures of the structure and topology of the network. Finally, this article presents a simple case study using OSMnx to construct and analyze street networks in Portland, Oregon.},
  doi        = {10.1016/j.compenvurbsys.2017.05.004},
  groups     = {Manipulation des données},
  keywords   = {OpenStreetMap, Visualization, GIS, Transportation, Complex networks, Python, Resilience, Street network, Urban design, Urban form},
  language   = {en},
  shorttitle = {{OSMnx}},
  url        = {https://www.sciencedirect.com/science/article/pii/S0198971516303970},
  urldate    = {2022-04-08},
}

@Book{ratelle_manuel_2019,
  author    = {Ratelle, Agathe and Couturier, Julie-Anne},
  publisher = {PU Montréal},
  title     = {Manuel d'intervention en orientation et mobilité},
  year      = {2019},
  isbn      = {978-2-7606-3905-8},
  month     = jan,
  abstract  = {Ce manuel unique en français rend compte d'un domaine de pointe très spécialisé encore peu connu dans la population en général. Il aborde l'orientation et la mobilité des personnes non voyantes en présentant les techniques et les habiletés de déplacement ainsi que les nombreuses stratégies d'intervention privilégiées en milieu de réadaptation. Il met également en lumière des processus complexes comme l'audition, la kinésiologie et la psychologie cognitive et se penche sur le rôle important de l'environnement dans l'atteinte de l'autonomie. S'inspirant des pratiques américaines et des ouvrages anglophones les plus actuels, les autrices démontrent leur parfaite connaissance de ces aspects interconnectés essentiels à la pratique professionnelle et enrichissent le sujet par leur propre expertise. Leur savoir prend appui sur une riche bibliographie et sur des aspects importants de la profession : son historique, le rôle du spécialiste et la description des techniques et des étapes de l'enseignement, avec des conseils à la clé et de nombreuses observations tirées de leur expérience.},
  groups    = {Déficience visuelle},
  language  = {Français},
}

@Article{Wabinski2019,
  author    = {Wabiński, Jakub and Mościcka, Albina},
  journal   = {ISPRS International Journal of Geo-Information},
  title     = {Automatic ({Tactile}) {Map} {Generation}—{A} {Systematic} {Literature} {Review}},
  year      = {2019},
  issn      = {2220-9964},
  month     = jul,
  number    = {7},
  pages     = {293},
  volume    = {8},
  abstract  = {This paper presents a systematic literature review that reflects the current state of research in the field of algorithms and models for map generalization, the existing solutions for automatic (tactile) map generation, as well as good practices for designing spatial databases for the purposes of automatic map development. A total number of over 500 primary studies were screened in order to identify the most relevant research on automatic (tactile) map generation from the last decade. The reviewed papers revealed many existing solutions in the field of automatic map production, as well as algorithms (e.g., Douglas–Peucker, Visvalingam–Whyatt) and models (e.g., GAEL, CartACom) for data generalization that might be used to transform traditional spatial data into the haptic form, suitable for blind and visually impaired people. However, it turns out that a comprehensive solution for automatic tactile map generation does not exist.},
  copyright = {http://creativecommons.org/licenses/by/3.0/},
  doi       = {10.3390/ijgi8070293},
  file      = {:Wabinski2019 - Automatic (Tactile) Map Generation—A Systematic Literature Review.pdf:PDF},
  groups    = {Cartes tactiles},
  keywords  = {generalization, algorithm, model, map automation, tactile maps, maps for blind and visually impaired},
  language  = {en},
  publisher = {Multidisciplinary Digital Publishing Institute},
  url       = {https://www.mdpi.com/2220-9964/8/7/293},
  urldate   = {2023-07-04},
}

@Comment{jabref-meta: databaseType:bibtex;}

@Comment{jabref-meta: fileDirectoryLatex-jeremy-MacBook-Air-de-Jeremy.local:/Users/jeremy/Developpement/these/chapitres;}

@Comment{jabref-meta: grouping:
0 AllEntriesGroup:;
1 StaticGroup:Cartes tactiles\;0\;1\;0x8a8a8aff\;\;\;;
1 StaticGroup:Description verbale\;0\;0\;0x8a8a8aff\;\;\;;
1 StaticGroup:Déficience visuelle\;0\;0\;0x8a8a8aff\;\;\;;
1 StaticGroup:Manipulation des données\;0\;1\;0x8a8a8aff\;\;\;;
}
